@Book{pkmn,
    author =    {Pokemon},
    title  =    {Pokemon Trading Card Game Rulebook},
    url =       {http://assets1.pokemon.com/assets/cms2/pdf/trading-card-game/rulebook/xy8-rulebook-en.pdf},
    year   =    {2015},
    publisher = {The Pokemon Company}
}

@Article{mcts2012,
    author =    {G.J.B. Roelofs},
    title  =    {Monte Carlo Tree Search in a Modern Board Game Framework},
    year   =    {2012},
    url    =    {https://project.dke.maastrichtuniversity.nl/games/files/bsc/Roelofs_Bsc-paper.pdf},
    journal=    {}
}

@Article{mctsweb,
    author =    {Cameron Browne},
    title  =    {Monte Carlo Tree Search - About},
    year   =    {2015},
    url    =    {http://mcts.ai/about/index.html},
    journal=    {}
}

@Article{survey,
    author =    {Browne, Cameron et al},
    title  =    {A Survey of Monte Carlo Tree Search Methods},
    year   =    {2012},
    url    =    {ccg.doc.gold.ac.uk/papers/browne_tciaig12_1.pdf},
    journal =   {Computational Intelligence and AI in Games}
}

@Article{bandit,
    author =    {Levente Kocsis and Csaba Szepesvari},
    title  =    {Bandit based Monte-Carlo Planning},
    year   =    {2006},
    url    =    {www.sztaki.hu/~szcsaba/papers/ecml06.pdf},
    publisher = {Springer Berlin Heidelberg},
    journal=    {Machine Learning: ECML 2006}
}
